<record><leader>00000cas a22000007a 4500</leader><controlfield tag="001">19619409</controlfield><controlfield tag="008">890428d196519uumauwr ne      0    0eng d</controlfield><datafield ind1=" " ind2=" " tag="010"><subfield code="a">sn 89062012 </subfield></datafield><datafield ind1=" " ind2=" " tag="040"><subfield code="a">MGN</subfield><subfield code="b">eng</subfield><subfield code="c">MGN</subfield><subfield code="d">OCLCQ</subfield></datafield><datafield ind1=" " ind2=" " tag="042"><subfield code="a">msc</subfield></datafield><datafield ind1="0" ind2=" " tag="130"><subfield code="a">Amherst record (Amherst, Mass. : 1965)</subfield></datafield><datafield ind1="1" ind2="0" tag="245"><subfield code="a">Amherst record.</subfield></datafield><datafield ind1=" " ind2=" " tag="260"><subfield code="a">Amherst, Mass. :</subfield><subfield code="b">Amherst Pub. Co.</subfield></datafield><datafield ind1=" " ind2=" " tag="300"><subfield code="a">v.</subfield></datafield><datafield ind1=" " ind2=" " tag="310"><subfield code="a">Weekly</subfield></datafield><datafield ind1="0" ind2=" " tag="362"><subfield code="a">Vol. 121, no. 18 (Jan. 7, 1965)-</subfield></datafield><datafield ind1=" " ind2=" " tag="752"><subfield code="a">United States</subfield><subfield code="b">Massachusetts</subfield><subfield code="c">Hampshire</subfield><subfield code="d">Amherst.</subfield></datafield><datafield ind1="0" ind2="0" tag="780"><subfield code="t">Amherst journal record</subfield><subfield code="w">(DLC)sn 85042291</subfield></datafield></record>